@Misc{CMUSphinx,
	title = {CMUSphinx wiki page},
  	url = {http://cmusphinx.sourceforge.net/wiki/},
  	year={2014}
  
}

@inproceedings{Gales2008application,
    author = {Mark Gales and Steeve Young},
    title = {The application of hidden Markov models in speech Recognition},
    booktitle= {Foundations and Trends in signal processing},
    year = {2007},
    volume={1},
    number={3},
    pages={195-304}
}

@TECHREPORT{hansen,
  author= {Jesse Hansen},
  title = {Speech Acoustics Project},
  url = {http://www.ele.uri.edu/~hansenj/projects/SpeechAcoustics/SpeechAcoustics.pdf},
  
}

@book{jurafsky-martin-2009,
  author = {D.Jurafsky and J.H.Martin},
  title = {Speech and Language Proccessing},
  publisher = {Pearson Education International},
  year = {2009}
  
}

@Misc{SpeechRecognition,
  title = {Speech Recognition and Speech Synthesis},
  year = {2014},
  url = {http://xsrv.mm.cs.sunysb.edu/323/speech/speech.html},
  
}

@Misc{WillowGarage,
  title = {Willow Garage official site},
  url = {http://www.willowgarage.com},
  
}

@TECHREPORT{Ravishankar96efficientalgorithms,
    author = {Mosur K. Ravishankar},
    title = {Efficient algorithms for speech recognition},
    year = {1996}
}




